
@Book{Feruglio:Latex,
     language     = {spanish},
     author       = {Gabriel Valiente Ferlugio},
     title        = {Composición de Textos Científicos Con \LaTeX},
     publisher    = {Alfaomega},
     address      = {México DF, México},
     edition      = {1},
     year         = 2001,
     note         = {Un libro sobre la edición de textos científicos que fue utilizado para escribir este trabajo.},    
     }

@Book{Blanchard:Ecuaciones,
     language     = {spanish},
     author       = {Paul Blanchard and Robert L. Devaney and Glen R. Hall},
     title        = {Ecuaciones Diferenciales},
     publisher    = {International Thompson Editores},
     edition      = {1},
     year         = 1999,
     note         = {},    
     }

@Book{Resnick:Fisica,
     language     = {spanish},
     author       = {Robert Resnick and David Halliday and Kenneth S. Krane},
     title        = {Fisica},
     publisher    = {CECSA},
     address      = {México DF, México},
     edition      = {4},
     year         = 1999,
     note         = {Un clásico de física, nunca puede faltar y fue consultado para entender un poco mas de los fenómenos analizados.},    
     }
     
@Book{OpenGL:Wright,
     language     = {spanish},
     author       = {Richard S. Wright and Benjamin Lipchak},
     title        = {Programación OpenGL},
     publisher    = {Anaya Multimedia},
     address      = {Madrid, España},
     edition      = {4},
     year         = 1999,
     note         = {El primer libro de OpenGL, que existe en nuestro idioma en el país, es muy extenso y la única queja es que la traducción deja un poco que desear.},    
     }

@Book{libroRojo,
     language     = {english},
     author       = {Dave Shreiner and Mason Woo and Tom Davis},
     title        = {OpenGL Programing Guide},
     publisher    = {Addison Wesley},
     address      = {Boston, EU},
     edition      = {4},
     year         = 2004,
     note         = {El libro clásico de OpenGL, es escrito por los mismos desarrolladores de la API, y nunca está de mas.},    
     }
     
@Book{FisicaVideojuegos,
     language     = {english},
     author       = {David M. Bourg},
     title        = {Physics for Game Developers},
     publisher    = {OReilly},
     address      = {California, EU},
     edition      = {1},
     year         = 2002,
     note         = {Un libro muy curioso que nos ayuda a entender la física y pasarla a código de una manera muy elegante, hay muchísimo material en este libro y para este trabajo sólo se utilizó un par de capítulos.},    
     }
@Book{FisicaMatematicasVideojuegos,
     language     = {english},
     author       = {Danny Kodicek},
     title        = {Mathematics and Physics for Programers},
     publisher    = {Charles River Media},
     address      = {Massachusetts, EU},
     edition      = {1},
     year         = 2005,
     note         = {Un libro muy bueno para entender la física necesaria para hacer videojuegos, aunque empieza desde aspectos muy básicos, como álgebra y cálculo, toca muy bien el tema de las colisiones y fue una de las fuentes más importantes al escribir esta tesis.},    
     }
     
@Book{Boyce:Ecuaciones,
     language     = {spanish},
     author       = {William E. Boyce and Richard C. DiPrima},
     title        = {Ecuaciones Diferenciales y Problemas con Valores a la Frontera},
     publisher    = {Limusa Willey},
     edition      = {4},
     year         = 2002,
     note         = {Un clásico de Ecuaciones diferenciales y cubre a detalle muchísimos temas, yo lo utilicé primordialmente para el análisis del error de los métodos numéricos.},    
     }

@Book{Ross:Ecuaciones,
     language     = {spanish},
     author       = {Shepley L. Ross},
     title        = {Introducción a las Ecuaciones Diferenciales},
     publisher    = {Interamericana},
     edition      = {3},
     year         = 1985,
     note         = {Un libro muy sencillo de Ecuaciones Diferenciales, yo lo utilice en mi primer curso para está materia y aun lo consulto muy a menudo, es sencillo  y es excelente para aprender.},    
     }
     
@article{Matyka:Presion,
     author      = {Maciej Matyka and Mark Ollila},
     title       = {Pressure Model of Soft Body Simulation},
     journal     = {Proc. of Sigrad},
     year        = {2003},
     note        = {El primer artículo que leí sobre el tema y que me motivó a hacer esta tesis, muy recomendable junto con el segundo articulo.}
     }
     
@booklet{Matika:SoftBody,
     author      = {Maciej Matyka},
     title       = {How to Implement a Presure Soft Body Model},
     year        = {2004},
     note        = {Un articulo muy bien explicado sobre como implementar un modelo de presión en un cuerpo flexible, ideal para comenzar a leer sobre el tema y fue punto clave en esta tesis.}
     }
     
@article{BaraffWitkin:Coursenotes,
     author      = {David Baraf and Andrew Witkin},
     title       = {Phisically Based Modeling: Principles and Practice},
     journal     = {Sigraph},
     year        = {1997},
     note        = {Las notas de un curso que se llevó a cabo en Siggrad, en 1997, bastante completas aunque requieren un buen nivel de programación en C para poder entenderlas Tiene un error en la fórmula para separar velocidades en componentes ortogonales.}
     }

@article{Vassilev:Ropa,
     author      = {T. Vassiliev, B. Spanlang and Y. Chrysanthou},
     title       = {Fast Cloth Animation on Walking Avatars},
     journal     = {EuroGraphics 2001},
     year        = {2001},
     volume      = {20},
     number      = {3},
     pages       = {8}, 
     note        = {Un artículo de implementación de modelos de ropa, lo leí por una técnica que usan para prevenir el efecto de súper elongación, y para entender por que a mi no me afecta dicho fenómeno.}
     }

@article{Provot:Ropa,
     author      = {Xavier Provot},
     title       = {Deformation Constraints in a Mass-Spring Model to Describe Rigid Cloth Behavior},
     journal     = {INRIA},
     year        = {1995}, 
     note        = {Otro articulo de modelado de ropa, que propone una técnica interesante para prevenir el efecto de súper elongación.}
     }

@misc{Gaffer:Fisica,
     author      = {Glenn Fielder a.k.a Gaffer},
     title       = {Game Phisics Articles},
     year        = {2005},
     note        = {Un artículo con tips sobre física para videojuegos, muy relajado y muy útil para empezar a adentrarse en estos temas, me ayudó en la implementación de los métodos de integración.}
     }

@Book{GeometriaParaCAD,
     author      = {Joan Trias Pairo},
     title       = {Geometría para la informática Gráfica y el CAD},
     publisher   = {AlfaOmega},
     address     = {Madrid, Espana},
     edition      = {1},
     year = {2005},
     note = {Libro de geometría, muy útil como referencia trata el tema con mucha seriedad, por lo que incluye numerosas demostraciones, también asume que el lector es proficiente en Álgebra Lineal. Las fórmulas del cálculo de volumen están muy basadas en este texto.}

}

@MastersThesis{tesis:maestra,
     author = {Maria del Carmen Villar Patiño},
     title = {Comparación de Implementaciones en HW y SW de Métodos de Integración Numérica para Simulación de Tela},
     school = {Instituto Tecnológico y de Estudios Superiores de Monetrrey},
     year = {2003},
     note = {La tesis de Maestría de mi asesora de tesis, muy útil en la parte de las colisiones y de la integración.},
}

@article{Tomas:Hitman,
     author      = {Tomas Jakobsen},
     title       = {Advanced Character Physics},
     journal     = {IO Interactive},
     year        = {2001}, 
     note        = {Un artículo muy útil donde explican cómo modelar por medio de resortes y se usa el integrador de Verlet. Además lo escribió uno de los creadores del juego de Hitman, a partir de la técnicas con las que se desarrollo el juego}
     }
     
@inproceedings{Zhang:volumen,
     author      = {Cha Zhang and Tsuhan Chen},
     booktitle   = {Proceedings 2001 International Conference on Image Processing (Cat. No.01CH37205)}, 
     title       = {Efficient feature extraction for 2D/3D objects in mesh representation}, 
     year        = {2001},
     volume      = {3},
     pages       = {935-938 vol.3},
     doi         = {10.1109/ICIP.2001.958278},
     note        = {Un artículo muy útil donde explican cómo hacer cálculos geomtéricos de mallas en 2 y 3 dimensiones}
     }
